<collection xmlns:xsi="http://www.w3.org/2001/XMLSchema-instance" xmlns="http://www.loc.gov/MARC21/slim" xsi:schemaLocation="http://www.loc.gov/MARC21/slim http://www.loc.gov/standards/marcxml/schema/MARC21slim.xsd">

<record>
  <leader>05669ckdaa2200757 a 4500</leader>
  <controlfield tag="001">3462389</controlfield>
  <controlfield tag="005">20100226103435.0</controlfield>
  <controlfield tag="008">890524s1916    xx ||| |||||||   1k|eng d</controlfield>
  <datafield tag="035" ind1=" " ind2=" ">
    <subfield code="a">(OCoLC)79223802</subfield>
  </datafield>
  <datafield tag="035" ind1=" " ind2=" ">
    <subfield code="a">(OCoLC)ocm79223802</subfield>
  </datafield>
  <datafield tag="035" ind1=" " ind2=" ">
    <subfield code="a">(CStRLIN)NYDA89-F644</subfield>
  </datafield>
  <datafield tag="035" ind1=" " ind2=" ">
    <subfield code="9">AAA2860AD</subfield>
  </datafield>
  <datafield tag="035" ind1=" " ind2=" ">
    <subfield code="a">(NNC)3462389</subfield>
  </datafield>
  <datafield tag="040" ind1=" " ind2=" ">
    <subfield code="a">NNC</subfield>
    <subfield code="c">NNC</subfield>
    <subfield code="e">gihc</subfield>
  </datafield>
  <datafield tag="043" ind1=" " ind2=" ">
    <subfield code="a">n-us-ca</subfield>
  </datafield>
  <datafield tag="110" ind1="2" ind2=" ">
    <subfield code="a">Greene &amp; Greene.</subfield>
  </datafield>
  <datafield tag="240" ind1="1" ind2="0">
    <subfield code="a">Robert P. McReynolds house (Los Angeles, Calif.).</subfield>
    <subfield code="p">Alterations and additions.</subfield>
    <subfield code="f">1916</subfield>
  </datafield>
  <datafield tag="245" ind1="1" ind2="0">
    <subfield code="a">Alteration and addition to residence for Dr. Rob't P. McReynolds, Berkeley Square, Los Angeles, Cal.</subfield>
    <subfield code="h">[graphic] /</subfield>
    <subfield code="c">Greene and Greene, Architects.</subfield>
  </datafield>
  <datafield tag="260" ind1=" " ind2=" ">
    <subfield code="c">[19]16</subfield>
  </datafield>
  <datafield tag="300" ind1=" " ind2=" ">
    <subfield code="a">18 sheets :</subfield>
    <subfield code="b">various media ;</subfield>
    <subfield code="c">153.2 x 73 cm. (60 3/8 x 23 1/4 in.) or smaller.</subfield>
  </datafield>
  <datafield tag="500" ind1=" " ind2=" ">
    <subfield code="a">Scale varies.</subfield>
  </datafield>
  <datafield tag="500" ind1=" " ind2=" ">
    <subfield code="a">Bracketed title elements supplied by cataloger or taken from inventory.</subfield>
  </datafield>
  <datafield tag="500" ind1=" " ind2=" ">
    <subfield code="a">Forms part of the Greene &amp; Greene collection of architectural drawings ; job no. 361.</subfield>
  </datafield>
  <datafield tag="500" ind1=" " ind2=" ">
    <subfield code="a">This set consists of 8 pencil drawings on tracing paper, 4 pencil and ink drawings on tracing paper, 4 pencil and crayon drawings on tracing paper, 2 blueprints with crayon and pencil markings on paper, and 1 pencil drawing on paper.</subfield>
  </datafield>
  <datafield tag="561" ind1=" " ind2=" ">
    <subfield code="a">Gift of Jean Murray Bangs (Mrs. Harwell Hamilton Harris), 1960; formerly the collection of Charles Sumner Greene.</subfield>
  </datafield>
  <datafield tag="650" ind1=" " ind2="7">
    <subfield code="a">Houses.</subfield>
    <subfield code="2">aat</subfield>
  </datafield>
  <datafield tag="650" ind1=" " ind2="7">
    <subfield code="a">Entrances.</subfield>
    <subfield code="2">aat</subfield>
  </datafield>
  <datafield tag="650" ind1=" " ind2="7">
    <subfield code="a">Alterations.</subfield>
    <subfield code="2">aat</subfield>
  </datafield>
  <datafield tag="650" ind1=" " ind2="7">
    <subfield code="a">Laundry rooms.</subfield>
    <subfield code="2">aat</subfield>
  </datafield>
  <datafield tag="650" ind1=" " ind2="7">
    <subfield code="a">Additions.</subfield>
    <subfield code="2">aat</subfield>
  </datafield>
  <datafield tag="650" ind1=" " ind2="7">
    <subfield code="a">Outbuildings.</subfield>
    <subfield code="2">aat</subfield>
  </datafield>
  <datafield tag="655" ind1=" " ind2="7">
    <subfield code="a">Detail drawings.</subfield>
    <subfield code="2">aat</subfield>
  </datafield>
  <datafield tag="655" ind1=" " ind2="7">
    <subfield code="a">Sketches.</subfield>
    <subfield code="2">aat</subfield>
  </datafield>
  <datafield tag="655" ind1=" " ind2="7">
    <subfield code="a">Architectural drawings</subfield>
    <subfield code="x">American.</subfield>
    <subfield code="2">aat</subfield>
  </datafield>
  <datafield tag="655" ind1=" " ind2="7">
    <subfield code="a">Orthographic drawings.</subfield>
    <subfield code="2">aat</subfield>
  </datafield>
  <datafield tag="691" ind1=" " ind2="0">
    <subfield code="a">Los Angeles (Calif.)</subfield>
  </datafield>
  <datafield tag="650" ind1=" " ind2="0">
    <subfield code="a">Architecture</subfield>
    <subfield code="z">United States</subfield>
    <subfield code="v">Designs and plans.</subfield>
  </datafield>
  <datafield tag="697" ind1="2" ind2="4">
    <subfield code="a">Robert P. McReynolds house (Los Angeles, Calif.)</subfield>
  </datafield>
  <datafield tag="700" ind1="1" ind2=" ">
    <subfield code="a">Greene, Charles Sumner,</subfield>
    <subfield code="d">1868-1957.</subfield>
  </datafield>
  <datafield tag="700" ind1="1" ind2=" ">
    <subfield code="a">Greene, Henry Mather,</subfield>
    <subfield code="d">1870-1954.</subfield>
  </datafield>
  <datafield tag="700" ind1="1" ind2=" ">
    <subfield code="a">McReynolds, Robert P.</subfield>
  </datafield>
  <datafield tag="755" ind1=" " ind2=" ">
    <subfield code="a">Pencil drawings.</subfield>
    <subfield code="2">aat</subfield>
  </datafield>
  <datafield tag="755" ind1=" " ind2=" ">
    <subfield code="a">Blueprints.</subfield>
    <subfield code="2">aat</subfield>
  </datafield>
  <datafield tag="755" ind1=" " ind2=" ">
    <subfield code="a">Ink drawings.</subfield>
    <subfield code="2">aat</subfield>
  </datafield>
  <datafield tag="755" ind1=" " ind2=" ">
    <subfield code="a">Crayon drawings.</subfield>
    <subfield code="2">aat</subfield>
  </datafield>
  <datafield tag="799" ind1="4" ind2="3">
    <subfield code="a">The Greene &amp; Greene collection of architectural drawings.</subfield>
  </datafield>
  <datafield tag="789" ind1="0" ind2=" ">
    <subfield code="1">[1]</subfield>
    <subfield code="i">NYDA.1960.001.02579.</subfield>
    <subfield code="v">[AVERYimage].</subfield>
    <subfield code="t">[Partial] south elevation, [partial] second floor plan, [partial] first floor plan, end elevation [and] section [of] bay :</subfield>
    <subfield code="n">Sheet no. 1.</subfield>
    <subfield code="o">"Hatching and white [i.e. dark] lines indicate new work, dim [lines indicate] old [work]" -- note makes sense in reference to blueprints.</subfield>
    <subfield code="n">Encapsulated in mylar.</subfield>
  </datafield>
  <datafield tag="789" ind1="0" ind2=" ">
    <subfield code="1">[2]</subfield>
    <subfield code="i">NYDA.1960.001.02580R.</subfield>
    <subfield code="v">[AVERYimage].</subfield>
    <subfield code="t">[Partial] south elevation, [partial] second floor plan, [partial] first floor plan, end elevation [and] section [of] bay :</subfield>
    <subfield code="n">Sheet no. 1.</subfield>
    <subfield code="o">"Hatching and white lines indicate new work, dim [lines indicate] old [work]".</subfield>
    <subfield code="o">Encapsulated in mylar.</subfield>
  </datafield>
  <datafield tag="789" ind1="0" ind2=" ">
    <subfield code="1">[3]</subfield>
    <subfield code="i">NYDA.1960.001.02580V.</subfield>
    <subfield code="v">[AVERYimage].</subfield>
    <subfield code="t">[Unidentified sketches].</subfield>
    <subfield code="o">Encapsulated in mylar.</subfield>
  </datafield>
  <datafield tag="789" ind1="0" ind2=" ">
    <subfield code="1">[4]</subfield>
    <subfield code="i">NYDA.1960.001.02581.</subfield>
    <subfield code="v">[AVERYimage].</subfield>
    <subfield code="t">[Partial] west elevation, [partial second floor] plan, [unidentified sketch] :</subfield>
    <subfield code="n">1-2.</subfield>
    <subfield code="o">Drawing done on two separate sheets of paper attached by tape</subfield>
  </datafield>
  <datafield tag="789" ind1="0" ind2=" ">
    <subfield code="1">[5]</subfield>
    <subfield code="i">NYDA.1960.001.02582.</subfield>
    <subfield code="v">[AVERYimage].</subfield>
    <subfield code="t">[Plan of bathroom] :</subfield>
    <subfield code="n">2-2.</subfield>
  </datafield>
  <datafield tag="789" ind1="0" ind2=" ">
    <subfield code="1">[6]</subfield>
    <subfield code="i">NYDA.1960.001.02583.</subfield>
    <subfield code="v">[AVERYimage].</subfield>
    <subfield code="t">[Partial] west elevation, [partial second floor] plan, [unidentified sketch of plan] :</subfield>
    <subfield code="n">1-3.</subfield>
  </datafield>
  <datafield tag="789" ind1="0" ind2=" ">
    <subfield code="1">[7]</subfield>
    <subfield code="i">NYDA.1960.001.02584.</subfield>
    <subfield code="v">[AVERYimage].</subfield>
    <subfield code="t">[Partial] plan [of second floor], part west elevation, plan showing change in pantry [on] first floor, [unidentified plan] :</subfield>
    <subfield code="n">1-4R,</subfield>
    <subfield code="d">Accepted with changes noted Aug. 21/16.</subfield>
  </datafield>
  <datafield tag="789" ind1="0" ind2=" ">
    <subfield code="1">[8]</subfield>
    <subfield code="i">NYDA.1960.001.02585.</subfield>
    <subfield code="v">[AVERYimage].</subfield>
    <subfield code="t">[Partial] east elevation, [partial] west elevation :</subfield>
    <subfield code="n">Sheet no. 2.</subfield>
  </datafield>
  <datafield tag="789" ind1="0" ind2=" ">
    <subfield code="1">[9]</subfield>
    <subfield code="i">NYDA.1960.001.02586.</subfield>
    <subfield code="v">[AVERYimage].</subfield>
    <subfield code="t">[Partial] east elevation, [partial] west elevation :</subfield>
    <subfield code="n">Sheet no. 2.</subfield>
    <subfield code="o">Encapsulated in mylar.</subfield>
  </datafield>
  <datafield tag="789" ind1="0" ind2=" ">
    <subfield code="1">[10]</subfield>
    <subfield code="i">NYDA.1960.001.02587.</subfield>
    <subfield code="v">[AVERYimage].</subfield>
    <subfield code="t">[Front and side elevations of entrance on east side, with rough sketch of side elevation]</subfield>
  </datafield>
  <datafield tag="789" ind1="0" ind2=" ">
    <subfield code="1">[11]</subfield>
    <subfield code="i">NYDA.1960.001.02588.</subfield>
    <subfield code="v">[AVERYimage].</subfield>
    <subfield code="t">F[ull] s[ize] detail of casement windows -- head, jamb, sill :</subfield>
    <subfield code="n">Sheet #3.</subfield>
  </datafield>
  <datafield tag="789" ind1="0" ind2=" ">
    <subfield code="1">[12]</subfield>
    <subfield code="i">NYDA.1960.001.02589.</subfield>
    <subfield code="v">[AVERYimage].</subfield>
    <subfield code="t">F.S. [detail] of kitchen windows -- jamb, sill.</subfield>
  </datafield>
  <datafield tag="789" ind1="0" ind2=" ">
    <subfield code="1">[13]</subfield>
    <subfield code="i">NYDA.1960.001.02590.</subfield>
    <subfield code="v">[AVERYimage].</subfield>
    <subfield code="t">Elevation [and] full size [detail of] medicine case in bathroom :</subfield>
    <subfield code="n">Sheet no. 4.</subfield>
  </datafield>
  <datafield tag="789" ind1="0" ind2=" ">
    <subfield code="1">[14]</subfield>
    <subfield code="i">NYDA.1960.001.02591.</subfield>
    <subfield code="v">[AVERYimage].</subfield>
    <subfield code="t">F.S. detail[s] of plaster hood, brackets, etc. [for east entrance, with] side [and front] elevation[s] and section :</subfield>
    <subfield code="n">Sheet no. 5.</subfield>
    <subfield code="o">Encapsulated in mylar.</subfield>
  </datafield>
  <datafield tag="789" ind1="0" ind2=" ">
    <subfield code="1">[15]</subfield>
    <subfield code="i">NYDA.1960.001.02592.</subfield>
    <subfield code="v">[AVERYimage].</subfield>
    <subfield code="t">Laundry building -- 1 1/2" scale details [of section through wall and section through door], south elevation, east elevation, plan :</subfield>
    <subfield code="n">Sheet no. 6.</subfield>
  </datafield>
  <datafield tag="789" ind1="0" ind2=" ">
    <subfield code="1">[16]</subfield>
    <subfield code="i">NYDA.1960.001.02593.</subfield>
    <subfield code="v">[AVERYimage].</subfield>
    <subfield code="t">Plan [showing location of laundry building in relation to other structures], elevation [of laundry building] ,</subfield>
    <subfield code="d">Approved Sept. 15/16.</subfield>
    <subfield code="o">"Wood construction, rearrange fixtures, 3 tubs".</subfield>
  </datafield>
  <datafield tag="789" ind1="0" ind2=" ">
    <subfield code="1">[17]</subfield>
    <subfield code="i">NYDA.1960.001.02594.</subfield>
    <subfield code="v">[AVERYimage].</subfield>
    <subfield code="t">[Proposed plan and elevations of laundry building].</subfield>
    <subfield code="o">"Void".</subfield>
  </datafield>
  <datafield tag="789" ind1="0" ind2=" ">
    <subfield code="1">[18]</subfield>
    <subfield code="i">NYDA.1960.001.02595.</subfield>
    <subfield code="v">[AVERYimage].</subfield>
    <subfield code="t">Detail of kitchen entrance -- side [elevation], plan, [front] elevation, section [through edge of overhang ; columns] -- cap (F.S.D.), base (F.S.D.) :</subfield>
    <subfield code="n">Sheet no. 7.</subfield>
  </datafield>
  <datafield tag="789" ind1="0" ind2=" ">
    <subfield code="1">[19]</subfield>
    <subfield code="i">NYDA.1960.001.02596.</subfield>
    <subfield code="v">[AVERYimage].</subfield>
    <subfield code="t">Sketch of kitchen entrance -- [side and front elevations], plan,</subfield>
    <subfield code="d">[illegible note], Oct. 24/16.</subfield>
  </datafield>
  <datafield tag="900" ind1=" " ind2=" ">
    <subfield code="a">AUTH</subfield>
  </datafield>
</record>

</collection>